@misc{kemp_2021, 
 	title={Digital 2021: Global Overview Report - DataReportal – Global Digital Insights}, 
    author={Kemp, Simon}, 
    year={2021}, 
    month={Apr},
    howpublished = {\url{https://datareportal.com/reports/digital-2021-global-overview-report#:~:text=Internet%3A%204.66%20billion%20people%20around,now%20stands%20at%2059.5%20percent.}}, 
    journal={DataReportal}, 
    publisher={DataReportal – Global Digital Insights},
  	note = {(Accessed: 2021-05-20)}
} 

@misc{csrf_owasp, 
	author={OWASP}, 
	title={Cross Site Request Forgery (CSRF)}, 
    howpublished = {\url{https://owasp.org/www-community/attacks/csrf}}, 
    journal={Cross Site Request Forgery (CSRF) | OWASP Foundation},
    note = {(Accessed: 2021-05-20)}
}

@misc{paypal_brook, 
	title={PayPal Fixes CSRF Vulnerability in PayPal.me}, 
    howpublished= {\url{https://threatpost.com/paypal-fixes-csrf-vulnerability-in-paypal-me/119435/}},
    journal={Threatpost English Global threatpostcom}, 
    author={Brook, Chris},
    note = {(Accessed: 2021-05-20)}
}

@misc{SameSite9:online,
  author = {Merewood, Rowan},
  title = {SameSite cookies explained},
  howpublished = {\url{https://web.dev/samesite-cookies-explained/}},
  month = {May},
  year = {2020},
  note = {(Accessed: 2021-05-21)}
}

@misc{CanIuseS40:online,
	author={CanIuse}, 
  	title = {Can I use SameSite},
  	howpublished = {\url{https://caniuse.com/?search=samesite}},
  	note = {(Accessed: 2021-05-21)}
}
 
 @article{sentamilselvan2013survey,
  title={Survey on Cross Site Request Forgery},
  author={Sentamilselvan, K and Pandian, S Lakshamana and Sathiyamurthy, K},
  journal={(An Overview of CSRF)},
  year={2013}
}

@article{blatz2007csrf,
  title={Csrf: Attack and defense},
  author={Blatz, Jeremiah},
  journal={McAfee{\textregistered} Foundstone{\textregistered} Professional Services, White Paper},
  year={2007}
}

@article{sanchez2020cookies,
  title={Cookies from the Past: Timing Server-side Request Processing Code for History Sniffing},
  author={Sanchez-Rola, Iskander and Balzarotti, Davide and Santos, Igor},
  journal={Digital Threats: Research and Practice},
  volume={1},
  number={4},
  pages={1--24},
  year={2020},
  publisher={ACM New York, NY, USA}
}

@article{calzavara2020security,
  title={Security II-CSRF \& XSSI},
  author={Calzavara, Stefano},
  year={2020}
}

@article{sentamilselvan2014csrf,
author = {K, Sentamilselvan and Pandian, S. and N, Ramkumar},
year = {2014},
month = {11},
pages = {20-25},
title = {Cross Site Request Forgery: Preventive Measures},
volume = {106},
journal = {International Journal of Computer Applications}
}

@inproceedings{ramarao2013preventing,
  title={Preventing Image based Cross Site Request Forgery Attacks},
  author={Ramarao, R and Radhesh, M and Alwyn, R Pais},
  booktitle={Indo-US conference and Workshop on Cyber Security, Cyber Crime and Cyber Forensics. Information Security Research Labs},
  year={2013}
}

@article{son2010prevent,
  title={Prevent Cross-site Request Forgery: PCRF},
  author={Son, Sooel},
  journal={University of Texas, Austin},
  volume={10},
  year={2010}
}

@article{zeller2008cross,
  title={Cross-site request forgeries: Exploitation and prevention},
  author={Zeller, William and Felten, Edward W},
  journal={Bericht, Princeton University},
  year={2008}
}

@inproceedings{jovanovic2006preventing,
  title={Preventing cross site request forgery attacks},
  author={Jovanovic, Nenad and Kirda, Engin and Kruegel, Christopher},
  booktitle={2006 Securecomm and Workshops},
  pages={1--10},
  year={2006},
  organization={IEEE}
}

@inproceedings{alexenko2010cross,
  title={Cross-site request forgery: attack and defense},
  author={Alexenko, Tatiana and Jenne, Mark and Roy, Suman Deb and Zeng, Wenjun},
  booktitle={2010 7th IEEE Consumer Communications and Networking Conference},
  pages={1--2},
  year={2010},
  organization={IEEE}
}

@inproceedings{johns2006requestrodeo,
  title={RequestRodeo: Client side protection against session riding},
  author={Johns, Martin and Winter, Justus},
  booktitle={Proceedings of the OWASP Europe 2006 Conference},
  year={2006}
}

@inproceedings{siddiqui2011cross,
  title={Cross site request forgery: A common web application weakness},
  author={Siddiqui, Mohd Shadab and Verma, Deepanker},
  booktitle={2011 IEEE 3rd International Conference on Communication Software and Networks},
  pages={538--543},
  year={2011},
  organization={IEEE}
}
@techreport{coram2019cross,
  title={Cross-Site Request Forgery Challenges and Solutions.},
  author={Coram, Michael},
  year={2019},
  institution={Sandia National Lab.(SNL-NM), Albuquerque, NM (United States)}
}

@techreport{ietf-httpbis-cookie-same-site-00,
	number =	{draft-ietf-httpbis-cookie-same-site-00},
	type =		{Internet-Draft},
	institution =	{Internet Engineering Task Force},
	publisher =	{Internet Engineering Task Force},
	note =		{Work in Progress},
	url =		{https://datatracker.ietf.org/doc/html/draft-ietf-httpbis-cookie-same-site-00},
        author =	{Mike West and Mark Goodwin},
	title =		{{Same-Site Cookies}},
	pagetotal =	14,
	year =		2016,
	month =		jun,
	day =		20,
	abstract =	{This document updates RFC6265 by defining a "SameSite" attribute which allows servers to assert that a cookie ought not to be sent along with cross-site requests. This assertion allows user agents to mitigate the risk of cross-origin information leakage, and provides some protection against cross-site request forgery attacks.},
}

@techreport{ietf-httpbis-rfc6265bis-07,
	number =	{draft-ietf-httpbis-rfc6265bis-07},
	type =		{Internet-Draft},
	institution =	{Internet Engineering Task Force},
	publisher =	{Internet Engineering Task Force},
	note =		{Work in Progress},
	url =		{https://datatracker.ietf.org/doc/html/draft-ietf-httpbis-rfc6265bis-07},
        author =	{Mike West and John Wilander},
	title =		{{Cookies: HTTP State Management Mechanism}},
	pagetotal =	53,
	year =		2020,
	month =		dec,
	day =		7,
	abstract =	{This document defines the HTTP Cookie and Set-Cookie header fields. These header fields can be used by HTTP servers to store state (called cookies) at HTTP user agents, letting the servers maintain a stateful session over the mostly stateless HTTP protocol. Although cookies have many historical infelicities that degrade their security and privacy, the Cookie and Set-Cookie header fields are widely used on the Internet. This document obsoletes RFC 6265.},
}